<record><leader>00000cas a22000007a 4500</leader><controlfield tag="001">13579440</controlfield><controlfield tag="008">860516d19071963inuwr ne      0    0eng d</controlfield><datafield ind1=" " ind2=" " tag="010"><subfield code="a">sn 86058520 </subfield></datafield><datafield ind1=" " ind2=" " tag="040"><subfield code="a">NPI</subfield><subfield code="b">eng</subfield><subfield code="c">NPI</subfield><subfield code="d">OCLCQ</subfield><subfield code="d">IUL</subfield><subfield code="d">OCLCF</subfield></datafield><datafield ind1=" " ind2=" " tag="042"><subfield code="a">msc</subfield></datafield><datafield ind1=" " ind2=" " tag="043"><subfield code="a">n-us-in</subfield></datafield><datafield ind1="0" ind2="0" tag="245"><subfield code="a">Randolph County enterprise.</subfield></datafield><datafield ind1=" " ind2=" " tag="260"><subfield code="a">Farmland, Ind. :</subfield><subfield code="b">H.F. Harris,</subfield><subfield code="c">-1963.</subfield></datafield><datafield ind1=" " ind2=" " tag="300"><subfield code="a">volumes</subfield></datafield><datafield ind1=" " ind2=" " tag="310"><subfield code="a">Weekly</subfield></datafield><datafield ind1="1" ind2=" " tag="362"><subfield code="a">Began in 1907?</subfield></datafield><datafield ind1="0" ind2=" " tag="362"><subfield code="a">-v. 72, no. 38 (Sept. 26, 1963).</subfield></datafield><datafield ind1=" " ind2=" " tag="500"><subfield code="a">Published in Winchester, Ind. : Gazette Pub. Co., &lt;May 12, 1960&gt;-</subfield></datafield><datafield ind1=" " ind2=" " tag="500"><subfield code="a">Issue for Mar. 20, 1935 called also: Historic ed. of the Randolph County enterprise.</subfield></datafield><datafield ind1=" " ind2=" " tag="500"><subfield code="a">In 1953 expanded coverage to include news of Parker, Ind.</subfield></datafield><datafield ind1=" " ind2=" " tag="580"><subfield code="a">On Sept. 26, 1963: Lynn herald (Lynn, Ind. : 1953), Randolph County enterprise; and Randolph County news (Ridgeville, Ind.) were absorbed by: Winchester journal-herald; and: Winchester news (Winchester, Ind.) which were published on alternate days Mon. through Sat.</subfield></datafield><datafield ind1=" " ind2=" " tag="588"><subfield code="a">Description based on: 20th year, no. 36 (Dec. 12, 1907).</subfield></datafield><datafield ind1=" " ind2="0" tag="651"><subfield code="a">Farmland (Ind.)</subfield><subfield code="v">Newspapers.</subfield></datafield><datafield ind1=" " ind2="0" tag="651"><subfield code="a">Winchester (Ind.)</subfield><subfield code="v">Newspapers.</subfield></datafield><datafield ind1=" " ind2="0" tag="651"><subfield code="a">Randolph County (Ind.)</subfield><subfield code="v">Newspapers.</subfield></datafield><datafield ind1=" " ind2="7" tag="655"><subfield code="a">Newspapers.</subfield><subfield code="2">fast</subfield><subfield code="0">(OCoLC)fst01423814</subfield></datafield><datafield ind1=" " ind2="7" tag="651"><subfield code="a">Indiana</subfield><subfield code="z">Farmland.</subfield><subfield code="2">fast</subfield><subfield code="0">(OCoLC)fst01306513</subfield></datafield><datafield ind1=" " ind2="7" tag="651"><subfield code="a">Indiana</subfield><subfield code="z">Randolph County.</subfield><subfield code="2">fast</subfield><subfield code="0">(OCoLC)fst01208877</subfield></datafield><datafield ind1=" " ind2="7" tag="651"><subfield code="a">Indiana</subfield><subfield code="z">Winchester.</subfield><subfield code="2">fast</subfield><subfield code="0">(OCoLC)fst01255182</subfield></datafield><datafield ind1=" " ind2=" " tag="752"><subfield code="a">United States</subfield><subfield code="b">Indiana</subfield><subfield code="c">Randolph</subfield><subfield code="d">Farmland.</subfield></datafield><datafield ind1=" " ind2=" " tag="752"><subfield code="a">United States</subfield><subfield code="b">Indiana</subfield><subfield code="c">Randolph</subfield><subfield code="d">Winchester.</subfield></datafield><datafield ind1="0" ind2="0" tag="780"><subfield code="t">Farmland enterprise</subfield><subfield code="w">(DLC)sn 86058519</subfield><subfield code="w">(OCoLC)13579064</subfield></datafield><datafield ind1="1" ind2="5" tag="785"><subfield code="t">Winchester journal-herald</subfield><subfield code="w">(DLC)sn 86058547</subfield><subfield code="w">(OCoLC)13640822</subfield></datafield><datafield ind1="1" ind2="5" tag="785"><subfield code="t">Winchester news (Winchester, Ind.)</subfield><subfield code="w">(DLC)sn 86058539</subfield><subfield code="w">(OCoLC)13640402</subfield></datafield><datafield ind1="1" ind2=" " tag="787"><subfield code="t">Lynn herald (Lynn, Ind. : 1953)</subfield><subfield code="w">(DLC)sn 86058517</subfield><subfield code="w">(OCoLC)13579667</subfield></datafield><datafield ind1="1" ind2=" " tag="787"><subfield code="t">Randolph County news (Ridgeville, Ind.)</subfield><subfield code="w">(DLC)sn 86058522</subfield><subfield code="w">(OCoLC)13579729</subfield></datafield></record>